@misc{gplv3,
    author       = {Free Software Foundation},
    title        = {{GNU} {G}eneral {P}ublic {L}icense},
    version      = {3},
	howpublished = {\url{http://www.gnu.org/licenses/gpl.html}},
    shorthand    = {GPL},
}

@misc{GenoMus,
	author       = {José López Montes}, 
	title        = {GenoMus},
	howpublished = {\url{https://github.com/lopezmontes/GenoMus}}
}

@misc{genomus-core,
	author       = {\autor}, 
	title        = {genomus-core},
	howpublished = {\url{https://github.com/mipdr/genomus-core}}
}

@misc{genomus-core-js,
	author       = {\autor}, 
	title        = {genomus-core-js},
	howpublished = {\url{https://github.com/mipdr/genomus-core-js}}
}

@misc{,
	author       = {}, 
	title        = {},
	howpublished = {\url{}}
}






