@misc{mit,
    author       = {Massachusetts Institute of Technology},
    title        = {The MIT License (MIT)},
	howpublished = {\url{https://mit-license.org/}},
	note = {Validez comprobada a 7 de julio de 2022}
}

@misc{GenoMus,
	author       = {José López Montes}, 
	title        = {GenoMus},
	howpublished = {\url{https://github.com/lopezmontes/GenoMus}},
	note = {Validez comprobada a 7 de julio de 2022}
}

@misc{genomus-core,
	author       = {\autor}, 
	title        = {genomus-core},
	howpublished = {\url{https://github.com/mipdr/genomus-core}},
	note = {Validez comprobada a 7 de julio de 2022}
}

@misc{genomus-core-js,
	author       = {\autor}, 
	title        = {genomus-core-js},
	howpublished = {\url{https://github.com/mipdr/genomus-core-js}},
	note = {Validez comprobada a 7 de julio de 2022}
}

@techreport{es6,
	author       = {Ecma International}, 
	title        = {ECMA-262 6th Edition, The ECMAScript 2015 Language Specification.},
	institution = {Ecma International},
	address = {Rue du Rhone 114, CH-1204 Geneva},
	year = {2015}
}

@techreport{es5,
	author       = {Ecma International}, 
	title        = {{Ecma-262 Edition 5.1, The ECMAScript Language Specification}},
	institution = {Ecma International},
	address = {Rue du Rhone 114, CH-1204 Geneva},
	year = {2011}
}

@misc{haskell-wiki-STG,
	author       = {-}, 
	title        = {{GHC optimisations. Graph reduction}},
	howpublished = {\url{https://wiki.haskell.org/GHC_optimisations#Graph_reduction}},
	note = {Validez comprobada a 7 de julio de 2022}
}

@misc{haskell-wiki-FC,
	author       = {-}, 
	title        = {{Function composition in Haskell}},
	howpublished = {\url{https://wiki.haskell.org/Function_composition}},
	note = {Validez comprobada a 7 de julio de 2022}
}

@article{C-is-not-a-language,
    author = {David Chisnall}, 
	title  = {C Is Not a Low-Level Language},
    journal = {Communications of the ACM},
    volume = {61},
    number = {7},
    pages = {44--48},
    doi = {10.1145/3209212},
    year = {2018}
}

@article{GenoMus-aproximacion-creatividad,
    title = {GenoMus como aproximación a la creatividad asistida por computadora},
    author = {José López Montes},
    journal = {Espacio Sonoro. Revista de Música Actual},
    volume = {35},
    year = {2015},
    pages = {8},
}

@mastersthesis{GenoMus-master,
    title = {GenoMus - Prospección de técnicas de creatividad asistida por computadora mediante la metaprogramación de genotipos musicales},
    author = {José López Montes},
    school = {Universidad Rey Juan Carlos},
    year = {2013}
}

@article{scrum,
    title = {{SCRUM Development Process}},
    author = {Ken Schwaber},
    journal = {Advanced Development Methods},
    year = {1995}
}

@article{dx,
    title = {Developer Experience: Concept and Definition},
    author = {Fabian Fagerholm and Jurgen Münch},
    journal = {IEEE},
    year = {2012}
}

@misc{GitFlow,
	author       = {Vincent Driessen},
	year = {2010},
	title        = {A Successful Git Branching Model },
	howpublished = {\url{https://nvie.com/posts/a-successful-git-branching-model/}},
	note = {Validez comprobada a 7 de julio de 2022}
}

@misc{V8-API,
    author = {-},
    title = {{V8's public API}},
    howpublished = {\url{https://v8.dev/docs/api}},
    note = {Validez comprobada a 7 de julio de 2022}
}

@misc{node-nan,
    author = {-},
    title = {Native Abstractions for Node.js},
    howpublished = {\url{https://www.npmjs.com/package/nan}},
    note = {Validez comprobada a 7 de julio de 2022}
}

@misc{node-addon-docs,
    author = {-},
    title = {Node-API},
    howpublished = {\url{https://nodejs.org/api/addons.html#node-api}},
    note = {Validez comprobada a 7 de julio de 2022}
}

@book{dragon-book-ast,
    author = {Alfred Aho and Monica Lam and Ravi Sethi and Jeffrey Ullman},
    title = {Compilers: Principles, Techniques and Tools},
    publisher = {Pearson Addison-Wesley},
    page = {69},
    year = {1986}
}

@book{JavaScript_The_Good_Parts,
    author = {Douglas Crockford},
    title = {JavaScript: The Good Parts},
    publisher = {O'Reilly Media, Inc.},
    year = {2008}
}

@book{sicp,
    author = {Harold Abelson and Gerald Jay Sussman and Julie Sussman},
    title = {Structure and Interpretation of Computer Programs},
    edition = {2nd},
    publisher = { Massachusetts Institute of Technology},
    year = {1996}
}

@book{generative-theory,
    author = {Fred Lerdahl and Ray S. Jackendoff},
    title = {A Generative Theory of Tonal Music},
    publisher = {MIT Press},
    year = {1981}
}

@article{musical_turing,
    author = {Erik Belgun},
    title = {A turing Test for ``Musical Intelligence''?},
    journal = {Computer Music Journal},
    page = {7--9},
    year = {1988},
    volume = {12},
    publisher = {MIT Press}
}

@proceedings{Ninagawa,
    editor = {Christian S. Calude and Michael J. Dinneen and Gheorghe Paun and Grzegorz Rozenberg and Susan Stepney},
    title = {5th International Conference, UC 2006. York, UK, September 2006. Proceedings},
    series = {Unconventional Computation.},
    volume = {LNCS 4135},
    publisher = {Springer},
    year = {2006}
}

@article{automata-repr,
    author = {Richard French},
    title = {Celular Automata and Music: A New Representation},
    journal = {Union College Digital Works},
    year = {2013}
}